<?xml version="1.0" encoding="UTF-8"?>
<bib>
  <mms_id>990016148150302486</mms_id>
  <record_format>marc21</record_format>
  <linked_record_id/>
  <title>Ritual and degree book of the United Brothers of Friendship : containing forms and ceremonies of the first, second, third, and fourth degrees.</title>
  <author>United Brothers of Friendship.</author>
  <complete_edition>Revised edition with additions and corrections.</complete_edition>
  <network_numbers>
    <network_number>(OCoLC)649717102</network_number>
    <network_number>(Sirsi) o649717102</network_number>
    <network_number>ocn649717102</network_number>
    <network_number>u3515172</network_number>
    <network_number>(Aleph)001614815EMU01</network_number>
  </network_numbers>
  <place_of_publication>[Louisville, Ky.?] :</place_of_publication>
  <date_of_publication>1894.</date_of_publication>
  <publisher_const>[United Brothers of Friendship?],</publisher_const>
  <holdings link="https://api-na.hosted.exlibrisgroup.com/almaws/v1/bibs/990016148150302486/holdings"/>
  <created_by>import</created_by>
  <created_date>2015-12-03Z</created_date>
  <last_modified_by>System</last_modified_by>
  <last_modified_date>2016-04-19Z</last_modified_date>
  <suppress_from_publishing>false</suppress_from_publishing>
  <suppress_from_external_search>false</suppress_from_external_search>
  <sync_with_oclc>BIBS</sync_with_oclc>
  <sync_with_libraries_australia>NONE</sync_with_libraries_australia>
  <originating_system>ILS</originating_system>
  <originating_system_id>001614815-EMU01</originating_system_id>
  <cataloging_level desc="Default Level">00</cataloging_level>
  <record>
    <leader>01847cam a2200433Ia 4500</leader>
    <controlfield tag="001">990016148150302486</controlfield>
    <controlfield tag="005">20160418225355.0</controlfield>
    <controlfield tag="008">100722s1894    kyuae         000 0 eng d</controlfield>
    <datafield ind1=" " ind2=" " tag="035">
      <subfield code="a">(Aleph)001614815EMU01</subfield>
    </datafield>
    <datafield ind1="9" ind2=" " tag="035">
      <subfield code="a">u3515172</subfield>
    </datafield>
    <datafield ind1=" " ind2=" " tag="035">
      <subfield code="a">ocn649717102</subfield>
    </datafield>
    <datafield ind1=" " ind2=" " tag="035">
      <subfield code="a">(Sirsi) o649717102</subfield>
    </datafield>
    <datafield ind1=" " ind2=" " tag="035">
      <subfield code="a">(OCoLC)649717102</subfield>
    </datafield>
    <datafield ind1=" " ind2=" " tag="040">
      <subfield code="a">AJ#</subfield>
      <subfield code="c">AJ#</subfield>
      <subfield code="d">UtOrBLW</subfield>
    </datafield>
    <datafield ind1=" " ind2=" " tag="049">
      <subfield code="a">AJ#A</subfield>
    </datafield>
    <datafield ind1="2" ind2=" " tag="110">
      <subfield code="a">United Brothers of Friendship.</subfield>
    </datafield>
    <datafield ind1="1" ind2="0" tag="245">
      <subfield code="a">Ritual and degree book of the United Brothers of Friendship :</subfield>
      <subfield code="b">containing forms and ceremonies of the first, second, third, and fourth degrees.</subfield>
    </datafield>
    <datafield ind1=" " ind2=" " tag="250">
      <subfield code="a">Revised edition with additions and corrections.</subfield>
    </datafield>
    <datafield ind1=" " ind2="1" tag="264">
      <subfield code="a">[Louisville, Ky.?] :</subfield>
      <subfield code="b">[United Brothers of Friendship?],</subfield>
      <subfield code="c">1894.</subfield>
    </datafield>
    <datafield ind1=" " ind2=" " tag="300">
      <subfield code="a">59 pages :</subfield>
      <subfield code="b">illustrations, plan ;</subfield>
      <subfield code="c">16 cm.</subfield>
    </datafield>
    <datafield ind1=" " ind2=" " tag="336">
      <subfield code="a">text</subfield>
      <subfield code="b">txt</subfield>
      <subfield code="2">rdacontent</subfield>
    </datafield>
    <datafield ind1=" " ind2=" " tag="337">
      <subfield code="a">unmediated</subfield>
      <subfield code="b">n</subfield>
      <subfield code="2">rdamedia</subfield>
    </datafield>
    <datafield ind1=" " ind2=" " tag="338">
      <subfield code="a">volume</subfield>
      <subfield code="b">nc</subfield>
      <subfield code="2">rdacarrier</subfield>
    </datafield>
    <datafield ind1="1" ind2=" " tag="583">
      <subfield code="a">digitized</subfield>
      <subfield code="c">2011</subfield>
      <subfield code="2">pda</subfield>
      <subfield code="5">GEU</subfield>
      <subfield code="x">public domain</subfield>
    </datafield>
    <datafield ind1=" " ind2=" " tag="590">
      <subfield code="a">The online edition of this book in the public domain, i.e., not protected by copyright, has been produced by the Emory University Digital library Publications Program.</subfield>
    </datafield>
    <datafield ind1=" " ind2=" " tag="590">
      <subfield code="a">Manuscript, Archives, and Rare Book Library copy has autograph: Rev. J.H. Wilson, Columbia Mo. June 15, 1896.</subfield>
    </datafield>
    <datafield ind1="2" ind2="0" tag="610">
      <subfield code="a">United Brothers of Friendship.</subfield>
    </datafield>
    <datafield ind1="2" ind2="0" tag="610">
      <subfield code="a">United Brothers of Friendship</subfield>
      <subfield code="x">Rituals.</subfield>
    </datafield>
    <datafield ind1=" " ind2="0" tag="650">
      <subfield code="a">African American fraternal organizations.</subfield>
    </datafield>
    <datafield ind1=" " ind2="7" tag="655">
      <subfield code="a">African American author.</subfield>
      <subfield code="2">local</subfield>
      <subfield code="5">GEU</subfield>
    </datafield>
    <datafield ind1=" " ind2="7" tag="655">
      <subfield code="a">African American pamphlet.</subfield>
      <subfield code="2">local</subfield>
      <subfield code="5">GEU</subfield>
    </datafield>
    <datafield ind1=" " ind2="7" tag="655">
      <subfield code="a">African American publisher.</subfield>
      <subfield code="2">local</subfield>
      <subfield code="5">GEU</subfield>
    </datafield>
    <datafield ind1="1" ind2=" " tag="700">
      <subfield code="a">Wilson, J. H.,</subfield>
      <subfield code="d">1865-1944,</subfield>
      <subfield code="e">former owner.</subfield>
      <subfield code="5">GEU</subfield>
    </datafield>
    <datafield ind1="4" ind2="1" tag="856">
      <subfield code="u">pid.emory.edu/ark:/25593/b66vt/IA</subfield>
      <subfield code="y">Internet Archive version</subfield>
    </datafield>
    <datafield ind1=" " ind2=" " tag="910">
      <subfield code="a">RDA ENRICHED</subfield>
    </datafield>
    <datafield ind1=" " ind2=" " tag="910">
      <subfield code="a">MARS</subfield>
    </datafield>
    <datafield ind1=" " ind2=" " tag="945">
      <subfield code="a">EMU emumarbl dmf</subfield>
    </datafield>
    <datafield ind1=" " ind2=" " tag="945">
      <subfield code="a">9DT</subfield>
      <subfield code="2">20100722</subfield>
    </datafield>
    <datafield ind1=" " ind2=" " tag="994">
      <subfield code="a">C0</subfield>
      <subfield code="b">AJ#</subfield>
    </datafield>
    <datafield ind1=" " ind2=" " tag="INT">
      <subfield code="a">P</subfield>
    </datafield>
    <datafield ind1=" " ind2=" " tag="INST">
      <subfield code="a">01GALI_EMORY</subfield>
    </datafield>
    <datafield ind1=" " ind2=" " tag="AVA">
      <subfield code="0">990016148150302486</subfield>
      <subfield code="8">22200365440002486</subfield>
      <subfield code="a">01GALI_EMORY</subfield>
      <subfield code="b">MARBL</subfield>
      <subfield code="c">Locked Stacks</subfield>
      <subfield code="d">2010 244</subfield>
      <subfield code="e">available</subfield>
      <subfield code="f">1</subfield>
      <subfield code="g">0</subfield>
      <subfield code="j">STACK</subfield>
      <subfield code="k">4</subfield>
      <subfield code="p">1</subfield>
      <subfield code="q">Stuart A. Rose Manuscript, Archives, and Rare Book Library</subfield>
    </datafield>
  </record>
  <requests>0</requests>
</bib>
